<record><leader>00000cas a2200000 a 4500</leader><controlfield tag="001">57246096</controlfield><controlfield tag="008">041216d194619uutnumr ne      0    0eng c</controlfield><datafield ind1=" " ind2=" " tag="010"><subfield code="a">sn2004062335</subfield></datafield><datafield ind1=" " ind2=" " tag="040"><subfield code="a">TGN</subfield><subfield code="b">eng</subfield><subfield code="c">TGN</subfield><subfield code="d">OCLCQ</subfield><subfield code="d">OCLCF</subfield><subfield code="d">OCLCO</subfield></datafield><datafield ind1="1" ind2=" " tag="029"><subfield code="a">AU@</subfield><subfield code="b">000026474341</subfield></datafield><datafield ind1=" " ind2=" " tag="042"><subfield code="a">pcc</subfield></datafield><datafield ind1=" " ind2=" " tag="043"><subfield code="a">n-us-tn</subfield></datafield><datafield ind1="0" ind2=" " tag="130"><subfield code="a">Better housing news (Memphis, Tenn.)</subfield></datafield><datafield ind1="1" ind2="0" tag="245"><subfield code="a">Better housing news.</subfield></datafield><datafield ind1=" " ind2=" " tag="260"><subfield code="a">Memphis, Tenn. :</subfield><subfield code="b">Memphis Housing Authority</subfield></datafield><datafield ind1=" " ind2=" " tag="300"><subfield code="a">v.</subfield></datafield><datafield ind1=" " ind2=" " tag="310"><subfield code="a">Monthly</subfield></datafield><datafield ind1="0" ind2=" " tag="362"><subfield code="a">Vol. 8, no. 1 (Jan. 1, 1946)-</subfield></datafield><datafield ind1=" " ind2=" " tag="500"><subfield code="a">"Formed by the union of: The dixie homes express, established May 1, 1939, Foote notes, established Apr. 1, 1941, and The garden post, established Mar. 16, 1942"--Publisher's block.</subfield></datafield><datafield ind1=" " ind2=" " tag="550"><subfield code="a">Official publication of the tenant associations of the three public housing developments of the Memphis Housing Authority: Dixie Homes, William H. Foote Homes, and LeMoyne Gardens.</subfield></datafield><datafield ind1=" " ind2="0" tag="650"><subfield code="a">Public housing</subfield><subfield code="z">Tennessee</subfield><subfield code="z">Memphis</subfield><subfield code="v">Newspapers.</subfield></datafield><datafield ind1=" " ind2="0" tag="651"><subfield code="a">Memphis (Tenn.)</subfield><subfield code="v">Newspapers.</subfield></datafield><datafield ind1=" " ind2="0" tag="651"><subfield code="a">Shelby County (Tenn.)</subfield><subfield code="v">Newspapers.</subfield></datafield><datafield ind1=" " ind2="7" tag="655"><subfield code="a">Newspapers.</subfield><subfield code="2">fast</subfield><subfield code="0">(OCoLC)fst01423814</subfield></datafield><datafield ind1=" " ind2="7" tag="650"><subfield code="a">Public housing.</subfield><subfield code="2">fast</subfield><subfield code="0">(OCoLC)fst01082447</subfield></datafield><datafield ind1=" " ind2="7" tag="651"><subfield code="a">Tennessee</subfield><subfield code="z">Memphis.</subfield><subfield code="2">fast</subfield><subfield code="0">(OCoLC)fst01204194</subfield></datafield><datafield ind1=" " ind2="7" tag="651"><subfield code="a">Tennessee</subfield><subfield code="z">Shelby County.</subfield><subfield code="2">fast</subfield><subfield code="0">(OCoLC)fst01209894</subfield></datafield><datafield ind1="2" ind2=" " tag="710"><subfield code="a">Memphis Housing Authority.</subfield></datafield><datafield ind1=" " ind2=" " tag="752"><subfield code="a">United States</subfield><subfield code="b">Tennessee</subfield><subfield code="c">Shelby</subfield><subfield code="d">Memphis.</subfield></datafield><datafield ind1="1" ind2="4" tag="780"><subfield code="t">Dixie homes express</subfield><subfield code="w">(OCoLC)10982966</subfield></datafield><datafield ind1="1" ind2="4" tag="780"><subfield code="t">Foote notes (Memphis, Tenn.)</subfield></datafield><datafield ind1="1" ind2="4" tag="780"><subfield code="t">Garden post</subfield></datafield></record>